<?xml version="1.0" encoding="UTF-8" ?>
<collection xmlns:xsi="http://www.w3.org/2001/XMLSchema-instance"
    xsi:schemaLocation="http://www.loc.gov/MARC21/slim
        http://www.loc.gov/standards/marcxml/schema/MARC21slim.xsd"
    xmlns="http://www.loc.gov/MARC21/slim">
<record>
  <leader>00212cam a2200385 i 4500</leader>
  <controlfield tag="001">b17917931</controlfield>
  <controlfield tag="003">LeBAU</controlfield>
  <controlfield tag="005">20180813</controlfield>
  <controlfield tag="008">131212s1954    ua            ||0 0 ara d</controlfield>
  <datafield tag="040" ind1=" " ind2=" ">
    <subfield code="a">LEAUB</subfield>
    <subfield code="b">ara</subfield>
    <subfield code="e">rda</subfield>
    <subfield code="c">LEAUB</subfield>
  </datafield>
  <datafield tag="082" ind1="0" ind2="4">
    <subfield code="a">297.2</subfield>
    <subfield code="2">23</subfield>
  </datafield>
  <datafield tag="100" ind1="1" ind2=" ">
    <subfield code="6">880-01</subfield>
    <subfield code="a">Jurdānī, Muḥammad ʻAbd Allāh,</subfield>
    <subfield code="d">-1913,</subfield>
    <subfield code="e">author.</subfield>
  </datafield>
  <datafield tag="245" ind1="1" ind2="0">
    <subfield code="6">880-02</subfield>
    <subfield code="a">Mufīd ʻawām al-Muslimīn :</subfield>
    <subfield code="b">mā yajibu ʻalyhim min aḥkām al-dīn : wa-huwa sharḥ wajīz mūfin bi-al-marām ʻalá al-matn al-musammá bi-Murshid al-Anām /</subfield>
    <subfield code="c">li-jāmiʻihi al-mashmūl bi-al-ʻawn al-rabbānī faḍīlat al-Shaykh Muḥammad ibn ʻAbd Allāh al-Jurdānī.</subfield>
  </datafield>
  <datafield tag="264" ind1=" " ind2="1">
    <subfield code="6">880-03</subfield>
    <subfield code="a">Miṣr :</subfield>
    <subfield code="b">Maktabat wa-Maṭbaʻat Muḥammad ʻAlī Ṣubayḥ wa-Awlāduh,</subfield>
    <subfield code="c">1373 H. = 1954 M.</subfield>
  </datafield>
  <datafield tag="300" ind1=" " ind2=" ">
    <subfield code="6">880-04</subfield>
    <subfield code="a">247 pages ;</subfield>
    <subfield code="c">22 cm</subfield>
  </datafield>
  <datafield tag="336" ind1=" " ind2=" ">
    <subfield code="a">text</subfield>
    <subfield code="b">txt</subfield>
    <subfield code="2">rdacontent</subfield>
  </datafield>
  <datafield tag="337" ind1=" " ind2=" ">
    <subfield code="a">unmediated</subfield>
    <subfield code="b">n</subfield>
    <subfield code="2">rdamedia</subfield>
  </datafield>
  <datafield tag="338" ind1=" " ind2=" ">
    <subfield code="a">volume</subfield>
    <subfield code="b">nc</subfield>
    <subfield code="2">rdacarrier</subfield>
  </datafield>
  <datafield tag="600" ind1="1" ind2="4">
    <subfield code="a">الجرداني، محمد عبد الله،</subfield>
    <subfield code="d">-1913.</subfield>
    <subfield code="t">مرشد الأنام الى ما يجب معرفته من العقائد والأحكام.</subfield>
  </datafield>
  <datafield tag="600" ind1="1" ind2="0">
    <subfield code="a">Jurdānī, Muḥammad ʻAbd Allāh,</subfield>
    <subfield code="d">-1913.</subfield>
    <subfield code="t">Murshid al-anām ilá mā yajibu maʻrifatuhu min al-ʻaqāʼid wa-al-aḥkām.</subfield>
  </datafield>
  <datafield tag="650" ind1=" " ind2="4">
    <subfield code="a">الاسلام</subfield>
    <subfield code="x">العادات والممارسات.</subfield>
  </datafield>
  <datafield tag="650" ind1=" " ind2="4">
    <subfield code="a">الاسلام</subfield>
    <subfield code="x">عقائد.</subfield>
  </datafield>
  <datafield tag="650" ind1=" " ind2="0">
    <subfield code="a">Islam</subfield>
    <subfield code="x">Customs and practices.</subfield>
  </datafield>
  <datafield tag="650" ind1=" " ind2="0">
    <subfield code="a">Islam</subfield>
    <subfield code="x">Doctrines.</subfield>
  </datafield>
  <datafield tag="700" ind1="1" ind2="2">
    <subfield code="6">880-05</subfield>
    <subfield code="a">Jurdānī, Muḥammad ʻAbd Allāh,</subfield>
    <subfield code="d">-1913.</subfield>
    <subfield code="t">Murshid al-Anām ilá mā yajibu maʻrifatuhu min al-ʻaqāʼid wa-al-aḥkām.</subfield>
  </datafield>
  <datafield tag="852" ind1=" " ind2=" ">
    <subfield code="a">Jafet Library</subfield>
    <subfield code="e">American University of Beirut, Bliss Street, Beirut, Lebanon.‎</subfield>
  </datafield>
  <datafield tag="880" ind1="1" ind2=" ">
    <subfield code="6">100-01/(3/r</subfield>
    <subfield code="a">الجرداني، محمد عبد الله،</subfield>
    <subfield code="d">-1913،</subfield>
    <subfield code="e">مؤلف. </subfield>
    <subfield code="4">aut.</subfield>
  </datafield>
  <datafield tag="880" ind1="1" ind2="0">
    <subfield code="6">245-02/(3/r</subfield>
    <subfield code="a">مفيد عوام المسلمين :</subfield>
    <subfield code="b">ما يجب عليهم من أحكام الدين : وهو شرح وجيز موف بالمرام على المتن المسمى بمرشد الأنام /</subfield>
    <subfield code="c">لجامعه المشمول بالعون الرباني فضيلة الشيخ محمد بن عبد الله الجرداني.</subfield>
  </datafield>
  <datafield tag="880" ind1=" " ind2="1">
    <subfield code="6">264-03/(3/r</subfield>
    <subfield code="a">مصر :</subfield>
    <subfield code="b">مكتبة ومطبعة محمد علي صبيح وأولاده،</subfield>
    <subfield code="c">1373 هـ. = 1954 م.</subfield>
  </datafield>
  <datafield tag="880" ind1=" " ind2=" ">
    <subfield code="6">300-04/(3/r</subfield>
    <subfield code="a">247 صفحة ؛</subfield>
    <subfield code="c">22 سم</subfield>
  </datafield>
  <datafield tag="880" ind1="1" ind2="2">
    <subfield code="6">700-05/(3/r</subfield>
    <subfield code="a">الجرداني، محمد عبد الله،</subfield>
    <subfield code="d">-1913.</subfield>
    <subfield code="t">مرشد الأنام الى ما يجب معرفته من العقائد والأحكام.</subfield>
  </datafield>
  <datafield tag="907" ind1=" " ind2=" ">
    <subfield code="a">.b17917931</subfield>
    <subfield code="b">18-08-13</subfield>
    <subfield code="c">13-12-12</subfield>
  </datafield>
  <datafield tag="907" ind1=" " ind2=" ">
    <subfield code="a">.b17917931</subfield>
    <subfield code="b">15-10-30</subfield>
    <subfield code="c">13-12-12</subfield>
  </datafield>
  <datafield tag="945" ind1=" " ind2=" ">
    <subfield code="f">J</subfield>
    <subfield code="a">297.2:J958mA</subfield>
    <subfield code="i">00493935</subfield>
    <subfield code="j">.i19711177</subfield>
    <subfield code="l">u0503</subfield>
  </datafield>
  <datafield tag="998" ind1=" " ind2=" ">
    <subfield code="a">u05</subfield>
    <subfield code="b">14-02-13</subfield>
    <subfield code="c">m</subfield>
    <subfield code="d">a  </subfield>
    <subfield code="e">-</subfield>
    <subfield code="f">ara</subfield>
    <subfield code="g">ua </subfield>
    <subfield code="h">0</subfield>
    <subfield code="i">0</subfield>
  </datafield>
</record>
</collection>
